<?xml version="1.0" encoding="utf-8"?>
<record xmlns="http://www.loc.gov/MARC21/slim" xmlns:xsi="http://www.w3.org/2001/XMLSchema-instance" xsi:schemaLocation="http://www.loc.gov/MARC21/slim http://www.loc.gov/standards/marcxml/schema/MARC21slim.xsd">
	<leader>     nam a22     Mi 4500</leader>
	<controlfield tag="001">b11998556</controlfield>
	<controlfield tag="003">UaCaAUL</controlfield>
	<controlfield tag="006">m        d        </controlfield>
	<controlfield tag="007">cr cn |||m|||a</controlfield>
	<controlfield tag="008">200513s1922    le f    ob    001 0 ara d</controlfield>
	<datafield ind1=" " ind2=" " tag="040">
		<subfield code="a">ZYU</subfield>
		<subfield code="b">ara</subfield>
		<subfield code="e">rda</subfield>
		<subfield code="c">ZYU</subfield>
	</datafield>
	<datafield ind1="0" ind2=" " tag="041">
		<subfield code="a">ara</subfield>
		<subfield code="b">fre</subfield>
	</datafield>
	<datafield ind1=" " ind2="4" tag="050">
		<subfield code="a">PJ7700.J3</subfield>
		<subfield code="b">Z32x 1922</subfield>
	</datafield>
	<datafield ind1="0" ind2=" " tag="100">
		<subfield code="6">880-01</subfield>
		<subfield code="a">Abū Tammām Ḥabīb ibn Aws al-Ṭāʼī,</subfield>
		<subfield code="d">active 808-842.</subfield>
	</datafield>
	<datafield ind1="1" ind2="0" tag="245">
		<subfield code="6">880-02</subfield>
		<subfield code="a">Naqāʼiḍ Jarīr wa-al-Akhṭal /</subfield>
		<subfield code="c">taʼlīf al-Imām al-shāʻir al-adīb al-māhir Abī Tammām ; ʻuniya bi-ṭabʻihā li-awwal marrah ʻan nuskhat al-Asitānah al-waḥīdah wa-ʻallaqa ḥawāshīhā al-Ab Anṭūn Ṣāliḥānī al-Yasūʻī. =</subfield>
		<subfield code="b">Naqāʼid de Ǵarīr et de Aḫṭal.</subfield>
	</datafield>
	<datafield ind1="3" ind2="1" tag="246">
		<subfield code="a">Naqāʼid de Ǵarīr et de Aḫṭal</subfield>
	</datafield>
	<datafield ind1=" " ind2="1" tag="264">
		<subfield code="6">880-03</subfield>
		<subfield code="a">Bayrūt :</subfield>
		<subfield code="b">al-Maṭbaʻah al-Kāthūlīkīyah lil-Ābāʼ al-Yasūʻīyīn,</subfield>
		<subfield code="c">1922.</subfield>
	</datafield>
	<datafield ind1=" " ind2=" " tag="300">
		<subfield code="a">online resource (250, xvi pages, 3 unnumbered leaves of plates)</subfield>
	</datafield>
	<datafield ind1=" " ind2=" " tag="336">
		<subfield code="a">text</subfield>
		<subfield code="2">rdacontent</subfield>
	</datafield>
	<datafield ind1=" " ind2=" " tag="337">
		<subfield code="a">computer</subfield>
		<subfield code="2">rdamedia</subfield>
	</datafield>
	<datafield ind1=" " ind2=" " tag="338">
		<subfield code="a">online resource</subfield>
		<subfield code="2">rdacarrier</subfield>
	</datafield>
	<datafield ind1=" " ind2=" " tag="500">
		<subfield code="a">Title on added title page: Naqāʼid ̣de Ǵarīr et de Aḫṭal / texte arabe publi ́pour la première fois d'après le manuscrit de Constantinople et annoté par le P.A. Salhani.</subfield>
	</datafield>
	<datafield ind1=" " ind2=" " tag="500">
		<subfield code="a">Decorated title page.</subfield>
	</datafield>
	<datafield ind1=" " ind2=" " tag="500">
		<subfield code="a">Part of the Arabic Collections Online (ACO) project, contributed by American University in Cairo Library.</subfield>
	</datafield>
	<datafield ind1=" " ind2=" " tag="504">
		<subfield code="a">Includes bibliographical references and indexes.</subfield>
	</datafield>
	<datafield ind1=" " ind2=" " tag="533">
		<subfield code="a">Electronic reproduction.</subfield>
		<subfield code="b">New York, N.Y. :</subfield>
		<subfield code="c">New York University,</subfield>
		<subfield code="d">2020.</subfield>
		<subfield code="5">NNU</subfield>
	</datafield>
	<datafield ind1=" " ind2=" " tag="546">
		<subfield code="a">Text in Arabic with introduction in French.</subfield>
	</datafield>
	<datafield ind1="1" ind2="0" tag="600">
		<subfield code="6">880-04</subfield>
		<subfield code="a">Akhṭal, Ghiyāth ibn Ghawth al-Taghlibī,</subfield>
		<subfield code="d">approximately 640-approximately 710.</subfield>
	</datafield>
	<datafield ind1="0" ind2="0" tag="600">
		<subfield code="6">880-05</subfield>
		<subfield code="a">Jarīr ibn ʻAṭīyah,</subfield>
		<subfield code="d">-728?</subfield>
	</datafield>
	<datafield ind1=" " ind2="0" tag="650">
		<subfield code="a">Arabic poetry</subfield>
		<subfield code="x">History and criticism</subfield>
		<subfield code="v">Early works to 1800.</subfield>
	</datafield>
	<datafield ind1="1" ind2="7" tag="600">
		<subfield code="a">Akhṭal, Ghiyāth ibn Ghawth al-Taghlibī,</subfield>
		<subfield code="d">approximately 640-approximately 710.</subfield>
		<subfield code="2">fast</subfield>
		<subfield code="0">(OCoLC)fst01803701</subfield>
	</datafield>
	<datafield ind1="0" ind2="7" tag="600">
		<subfield code="a">Jarīr ibn ʻAṭīyah,</subfield>
		<subfield code="d">-728?</subfield>
		<subfield code="2">fast</subfield>
		<subfield code="0">(OCoLC)fst01826901</subfield>
	</datafield>
	<datafield ind1=" " ind2="7" tag="650">
		<subfield code="a">Arabic poetry.</subfield>
		<subfield code="2">fast</subfield>
		<subfield code="0">(OCoLC)fst00812533</subfield>
	</datafield>
	<datafield ind1=" " ind2="7" tag="655">
		<subfield code="a">Criticism, interpretation, etc.</subfield>
		<subfield code="2">fast</subfield>
		<subfield code="0">(OCoLC)fst01411635</subfield>
	</datafield>
	<datafield ind1=" " ind2="7" tag="655">
		<subfield code="a">Early works.</subfield>
		<subfield code="2">fast</subfield>
		<subfield code="0">(OCoLC)fst01411636</subfield>
	</datafield>
	<datafield ind1="1" ind2=" " tag="700">
		<subfield code="6">880-06</subfield>
		<subfield code="a">Akhṭal, Ghiyāth ibn Ghawth al-Taghlibī,</subfield>
		<subfield code="d">approximately 640-approximately 710.</subfield>
	</datafield>
	<datafield ind1="0" ind2=" " tag="700">
		<subfield code="6">880-07</subfield>
		<subfield code="a">Jarīr ibn ʻAṭīyah,</subfield>
		<subfield code="d">-728.</subfield>
	</datafield>
	<datafield ind1="1" ind2=" " tag="700">
		<subfield code="6">880-08</subfield>
		<subfield code="a">Ṣāliḥānī, Anṭūn.</subfield>
	</datafield>
	<datafield ind1="2" ind2=" " tag="710">
		<subfield code="a">American University in Cairo.</subfield>
		<subfield code="b">Library.</subfield>
	</datafield>
	<datafield ind1="0" ind2=" " tag="730">
		<subfield code="a">Arabic Collections Online.</subfield>
	</datafield>
	<datafield ind1="0" ind2="8" tag="776">
		<subfield code="i">Print version:</subfield>
		<subfield code="a">Abū Tammām Ḥabīb ibn Aws al-Ṭāʼī, active 808-842.</subfield>
		<subfield code="t">Naqāʼiḍ Jarīr wa-al-Akhṭal</subfield>
		<subfield code="w">(UaCaAUL)b11998556</subfield>
		<subfield code="w">(OCoLC)843856375</subfield>
	</datafield>
	<datafield ind1="4" ind2="0" tag="856">
		<subfield code="u">http://hdl.handle.net/2333.1/gxd25f0d</subfield>
	</datafield>
	<datafield ind1="0" ind2=" " tag="880">
		<subfield code="6">100-01</subfield>
		<subfield code="a">أبو تمام حبيب بن أوس الطائي،</subfield>
		<subfield code="d">active 808-842.</subfield>
	</datafield>
	<datafield ind1="1" ind2="0" tag="880">
		<subfield code="6">245-02</subfield>
		<subfield code="a">نقائض جرير والأخطل /</subfield>
		<subfield code="c">تأليف الامام الشاعر الأديب الماهر أبي تمام ؛ عني بطبعها لأول مرة عن نسخة الاستانة الوحيدة وعلق حواشيها الاب انطون صالحاني اليسوعي.</subfield>
	</datafield>
	<datafield ind1=" " ind2="1" tag="880">
		<subfield code="6">264-03</subfield>
		<subfield code="a">بيروت :</subfield>
		<subfield code="b">المطبعة الكاثوليكية للآباء اليسوعيين،</subfield>
		<subfield code="c">1922.</subfield>
	</datafield>
	<datafield ind1="1" ind2="4" tag="880">
		<subfield code="6">600-04</subfield>
		<subfield code="a">اخطل، غياث بن غوث التغلبي،</subfield>
		<subfield code="d">approximately 640-approximately 710.</subfield>
	</datafield>
	<datafield ind1="0" ind2="4" tag="880">
		<subfield code="6">600-05</subfield>
		<subfield code="a">جرير بن عطية،</subfield>
		<subfield code="d">-728.</subfield>
	</datafield>
	<datafield ind1="1" ind2=" " tag="880">
		<subfield code="6">700-06</subfield>
		<subfield code="a">اخطل، غياث بن غوث التغلبي،</subfield>
		<subfield code="d">approximately 640-approximately 710.</subfield>
	</datafield>
	<datafield ind1="0" ind2=" " tag="880">
		<subfield code="6">700-07</subfield>
		<subfield code="a">جرير بن عطية،</subfield>
		<subfield code="d">-728.</subfield>
	</datafield>
	<datafield ind1="1" ind2=" " tag="880">
		<subfield code="6">700-08</subfield>
		<subfield code="a">صالحاني، أنطون.</subfield>
	</datafield>
	<datafield ind1=" " ind2=" " tag="959">
		<subfield code="a">NNU</subfield>
		<subfield code="b">WEB</subfield>
		<subfield code="c">GENI</subfield>
		<subfield code="t">0</subfield>
		<subfield code="m">Electronic access</subfield>
		<subfield code="s">01</subfield>
	</datafield>
	<datafield ind1=" " ind2=" " tag="999">
		<subfield code="i">UaCaAUL_b11998556</subfield>
		<subfield code="o">(OCoLC)ocn843856375</subfield>
		<subfield code="s">auc_aco001140:</subfield>
		<subfield code="e">(ERROR-880)</subfield>
		<subfield code="s">auc_aco001140:</subfield>
	</datafield>
</record>
